@article{bennett2002huygens,
  title={Huygens's clocks},
  author={Bennett, Matthew and Schatz, Michael F and Rockwood, Heidi and Wiesenfeld, Kurt},
  journal={Proceedings: Mathematics, Physical and Engineering Sciences},
  pages={563--579},
  year={2002},
  publisher={JSTOR}
}
@article{vincent1919some,
  title={On some experiments in which two neighbouring maintained oscillatory circuits affect a resonating circuit},
  author={Vincent, JH},
  journal={Proceedings of the Physical Society of London},
  volume={32},
  number={1},
  pages={84},
  year={1919},
  publisher={IOP Publishing}
}
@article{van1920theory,
  title={A theory of the amplitude of free and forced triode vibrations},
  author={Van der Pol, B},
  journal={Radio Review},
  volume={1},
  number={1920},
  pages={701--710},
  year={1920}
}
@inproceedings{appleton1922automatic,
  title={Automatic synchronization of triode oscillators},
  author={Appleton, EV},
  booktitle={Proc. Cambridge Phil. Soc},
  volume={21},
  number={pt 111},
  pages={231},
  year={1922}
}
